@STRING{aaai    = {Proc.~of the Conference on Advancements of Artificial Intelligence (AAAI)} }
@STRING{aaaiold = {Proc.~of the National Conference on Artificial Intelligence (AAAI)} }
@STRING{ac      = {IEEE Trans. on Automatic Control} }
@STRING{acc     = {Proc.~of the IEEE American Control Conference (ACC)} }
@STRING{accv    = {Proc.~of the Asian Conf.~on Computer Vision (ACCV)} }
@STRING{acra    = {Proc.~of the Australasian Conf.~on Robotics and Automation (ACRA)} }
@STRING{acmgraphics = {ACM Transactions on Graphics} }
@STRING{addison = {Addison-Wesley Publishing Inc.} }
@STRING{advancedrobotics={Advanced Robotics} }
@STRING{ai      = {Artificial Intelligence} }
@STRING{ams     = {Proc.~of Autonome Mobile Systeme} }
@STRING{ar      = {Autonomous Robots} }
@STRING{arxiv   = {arXiv preprint} }
@STRING{bmvc    = {Proc.~of British Machine Vision Conference (BMVC)} }
@STRING{cacm    = {Communications of the ACM} }
@STRING{ccvw    = {Proc.~of the Croation Computer Vision Workshop (CCVW)} }
@STRING{cira    = {Proc.~of the IEEE Intl.~Symp. on Computer Intelligence in Robotics and Automation (CIRA)} }
@STRING{cogsys  = {Proc.~of the Intl.~Conf.~on Cognitive Systems (CogSys)} }
@STRING{cviu    = {Journal of Computer Vision and Image Understanding (CVIU)} }
@STRING{cvpr    = {Proc.~of the IEEE Conf.~on Computer Vision and Pattern Recognition (CVPR)} }
@STRING{cvvt    = {Proc.~of the Intl.~Workshop on Computer Vision in Vehicle Technology (CVVT)} }
@STRING{dagm    = {Proc.~of the Symposion of the German Association for Pattern Recognition (DAGM)} }
@STRING{dagstuhl= {Proc.~of the Dagstuhl Seminar} }
@STRING{dgpf    = {Proc.~of the Conf.~of the German Society for Photogrammetry, Remote Sensing and Geoinformation (DGPF)} }
@STRING{eccv    = {Proc.~of the Europ.~Conf.~on Computer Vision (ECCV)} }
@STRING{ecmr    = {Proc.~of the Europ.~Conf.~on Mobile Robotics (ECMR)} }
@STRING{emav    = {Proc.~of the European Micro Aerial Vehicle Conference} }
@STRING{euros   = {Proc.~of the Europ.~Robotics Symp. (EUROS)} }
@STRING{fntr    = {Foundations and Trends in Robotics} }
@STRING{gcpr    = {Proc.~of the German Conf.~on Pattern Recognition (GCPR)} }
@STRING{humanoids={Proc.~of the IEEE Intl.~Conf.~on Humanoid Robots} }
@STRING{icar    = {Proc.~of the Int.~Conf.~on Advanced Robotics (ICAR)} }
@STRING{iccv    = {Proc.~of the IEEE Intl.~Conf.~on Computer Vision (ICCV)} }
@STRING{iciap   = {Proc.~of the Intl.~Conf.~on Image Analysis and Processing (ICIAP)} }
@STRING{icip    = {Proc.~of the IEEE Intl.~Conf.~on Image Processing (ICIP)} }
@STRING{icra    = {Proc.~of the IEEE Intl.~Conf.~on Robotics \& Automation (ICRA)} }
@STRING{icuas   = {Proc.~of the Intl.~Conf.~on Unmanned Aircraft Systems (ICUAS)} }
@STRING{ieeepress={IEEE Computer Society Press} }
@STRING{ijcai   = {Proc.~of the Intl.~Conf.~on Artificial Intelligence (IJCAI)} }
@STRING{ijcv    = {Intl.~Journal~of Computer Vision (IJCV)} }
@STRING{ijgi    = {Intl.~Journal of Geo-Information} }
@STRING{ijhr    = {The Int.~Journal of Humanoid Robotics (IJHR)} }
@STRING{ijrr    = {Intl.~Journal~of Robotics Research (IJRR)} }
@STRING{imvip   = {Proc.~of the Irish Machine Vision and Image Processing Conference (IMVIP)} }
@STRING{iros    = {Proc.~of the IEEE/RSJ Intl.~Conf.~on Intelligent Robots and Systems (IROS)} }
@STRING{iser    = {Proc.~of the Intl.~Sym.~on Experimental Robotics (ISER)} }
@STRING{ismar   = {Proc.~of the Intl.~Symposium~on Mixed and Augmented Reality (ISMAR)} }
@STRING{isprsannals={ISPRS Annals of the Photogrammetry, Remote Sensing and Spatial Information Sciences} }
@STRING{isprsarchives={ISPRS Archives of the Photogrammetry, Remote Sensing and Spatial Information Sciences} }
@STRING{isrr    = {Proc.~of the Intl.~Symposium~on Robotic Research (ISRR)} }
@STRING{iv      = {Proc.~of the IEEE Intelligent Vehicles Symposium (IV)} }
@STRING{ivc     = {Journal on Image and Vision Computing (IVC)} }
@STRING{jair    = {Journal of Artificial Intelligence Research (JAIR)} }
@STRING{jbe     = {ASME Journal of Basic Engineering} }
@STRING{jfr     = {Journal of Field Robotics (JFR)} }
@STRING{jirs    = {Journal of Intelligent and Robotic Systems (JIRS)} }
@STRING{jmiv    = {Journal of Mathematical Imaging and Vision} }
@STRING{joe     = {IEEE Journal of Oceanic Engineering} }
@STRING{jprs    = {ISPRS Journal of Photogrammetry and Remote Sensing (JPRS)} }
@STRING{jra     = {IEEE Journal of Robotics and Automation} }
@STRING{jras    = {Journal on Robotics and Autonomous Systems (RAS)} }
@STRING{mcg     = {Proc.~of the Intl.~Conf.~on Machine Control and Guidance (MCG)} }
@STRING{mirage  = {Proc.~of the Intl.~Conf.~on Computer Vision/Computer Graphics Collaboration Techniques and Applications (MIRAGE)} }
@STRING{mitpress= {MIT Press} }
@STRING{ml      = {Machine Learning} }
@STRING{mobicom = {Proc.~of the {ACM} Intl.~Conf.~on Mobile Computing and Networking (MobiCom)} }
@STRING{mva     = {Proc.~of the IAPR Conf.~on Machine Vision Applications (MVA)} }
@STRING{nips    = {Proc.~of the Conf.~on Neural Information Processing Systems (NIPS)} }
@STRING{nipsjournal={Advances in Neural Information Processing Systems} }
@STRING{oceans  = {Proc.~of OCEANS MTS/IEEE Conference and Exhibition} }
@STRING{pami    = {IEEE Trans.~on Pattern Analysis and Machine Intelligence (TPAMI)} }
@STRING{pcv     = {Proc.~of the ISPRS Conference on Photogrammeric Computer Vision (PCV)} }
@STRING{pers    = {Photogrammetric Engineering and Remote Sensing (PE\&RS)} }
@STRING{pfg     = {Photogrammetrie -- Fernerkundung -- Geoinformation (PFG)} }
@STRING{phowo   = {Proc.~of the Photogrammetric Week (PhoWo)} }
@STRING{pia     = {Proc.~of the ISPRS Conference on Photogrammeric Image Analysis (PIA)} }
@STRING{pr      = {Pattern Recognition} }
@STRING{prl     = {Pattern Recognition Letters} }
@STRING{ral     = {IEEE Robotics and Automation Letters (RA-L)} }
@STRING{ram     = {IEEE Robotics and Automation Magazine (RAM)} }
@STRING{ras     = {Journal on Robotics and Autonomous Systems (RAS)} }
@STRING{rasmag  = {IEEE Robotics and Automation Magazine} }
@STRING{rs      = {Remote Sensing} }
@STRING{rss     = {Proc.~of Robotics: Science and Systems (RSS)} }
@STRING{rssbook = {Robotics: Science and Systems} }
@STRING{sensors = {IEEE Sensors Journal} }
@STRING{sice    = {Proc.~of the Annual Conference of the Society of Instrument and Control Engineers (SICE)} }
@STRING{smc     = {Proc.~of the IEEE Intl.~Conf.~on Systems, Man, and Cybernetics (SMC)} }
@STRING{snowbird= {Proc.~of the Learning Workshop (Snowbird)} }
@STRING{soave   = {Proc.~of the Workshop on Self-Organization of AdaptiVE behavior (SOAVE)} }
@STRING{spiesdvrs={Proc.~of SPIE Stereoscopic Displays and Virtual Reality Systems} }
@STRING{spiev   = {Proc.~of SPIE Videometrics} }
@STRING{springer= {Springer Verlag} }
@STRING{springerstaradvanced={STAR Springer Tracts in Advanced Robotics} }
@STRING{tarj    = {The Australian Rangeland Journal} }
@STRING{tits    = {IEEE Trans.~on Intelligent Transportation Systems (ITS)} }
@STRING{titsmag = {IEEE Trans.~on Intelligent Transportation Systems Magazine} }
@STRING{tpami   = {IEEE Trans.~on Pattern Analalysis and Machine Intelligence (TPAMI)} }
@STRING{tra     = {IEEE Trans.~on Robotics and Automation} }
@STRING{tro     = {IEEE Trans.~on Robotics (TRO)} }
@STRING{uai     = {Proc.~of the Conf.~on Uncertainty in Artificial Intelligence (UAI)} }
@STRING{uavg    = {Proc.~of the Intl.~Conf.~on Unmanned Aerial Vehicles in Geomatics} }
@STRING{uust    = {Proc.~of the Intl.~Symp.~on Unmanned Untethered Submersible Technology} }
@STRING{vc      = {The Visual Computer (VC)} }
@STRING{wafr    = {Intl.~Workshop on the Algorithmic Foundations of Robotics (WAFR)} }
@STRING{threedv = {Proc. of the International Conference on 3D Vision~(3DV)}}

@article{kostavelis2015semantic,
  title={Semantic mapping for mobile robotics tasks: A survey},
  author={Kostavelis, Ioannis and Gasteratos, Antonios},
  journal={Robotics and Autonomous Systems},
  volume={66},
  pages={86--103},
  year={2015},
  publisher={Elsevier}
}

@article{liu2016extracting,
	title={Extracting semantic information from visual data: A survey},
	author={Liu, Qiang and Li, Ruihao and Hu, Huosheng and Gu, Dongbing},
	journal={Robotics},
	volume={5},
	number={1},
	pages={8},
	year={2016},
	publisher={Multidisciplinary Digital Publishing Institute}
}

@inproceedings{hermans2014dense,
	title={Dense 3d semantic mapping of indoor scenes from rgb-d images},
	author={Hermans, Alexander and Floros, Georgios and Leibe, Bastian},
	booktitle={Robotics and Automation (ICRA), 2014 IEEE International Conference on},
	pages={2631--2638},
	year={2014},
	organization={IEEE}
}

@inproceedings{krahenbuhl2011efficient,
	title={Efficient inference in fully connected crfs with gaussian edge potentials},
	author={Kr{\"a}henb{\"u}hl, Philipp and Koltun, Vladlen},
	booktitle={Advances in neural information processing systems},
	pages={109--117},
	year={2011}
}

@inproceedings{mccormac2017semanticfusion,
	title={SemanticFusion: Dense 3D semantic mapping with convolutional neural networks},
	author={McCormac, John and Handa, Ankur and Davison, Andrew and Leutenegger, Stefan},
	booktitle={Robotics and Automation (ICRA), 2017 IEEE International Conference on},
	pages={4628--4635},
	year={2017},
	organization={IEEE}
}

@inproceedings{noh2015learning,
	title={Learning deconvolution network for semantic segmentation},
	author={Noh, Hyeonwoo and Hong, Seunghoon and Han, Bohyung},
	booktitle={Proceedings of the IEEE International Conference on Computer Vision},
	pages={1520--1528},
	year={2015}
}

@article{swain1991ijcv,
	title={Color indexing},
	author={Swain, Michael J and Ballard, Dana H},
	journal=ijcv,
	volume={7},
	number={1},
	pages={11--32},
	year={1991},
	publisher={Springer}
}

@inproceedings{ulrich2000icra,
	title={Appearance-based place recognition for topological localization},
	author={Ulrich, Iwan and Nourbakhsh, Illah},
	booktitle=icra,
	volume={2},
	pages={1023--1029},
	year={2000},
	organization={Ieee}
}

@inproceedings{torralba2003context,
	title={Context-based vision system for place and object recognition},
	author={Torralba, Antonio and Murphy, Kevin P and Freeman, William T and Rubin, Mark A},
	booktitle={null},
	pages={273},
	year={2003},
	organization={IEEE}
}

@article{oliva2001ijcv,
	title={Modeling the shape of the scene: A holistic representation of the spatial envelope},
	author={Oliva, Aude and Torralba, Antonio},
	journal=ijcv,
	volume={42},
	number={3},
	pages={145--175},
	year={2001},
	publisher={Springer}
}

@inproceedings{lisin2005cvpr,
	title={Combining local and global image features for object class recognition},
	author={Lisin, Dimitri A and Mattar, Marwan A and Blaschko, Matthew B and Learned-Miller, Erik G and Benfield, Mark C},
	booktitle={Computer vision and pattern recognition-workshops, 2005. CVPR workshops. IEEE Computer society conference on},
	pages={47--47},
	year={2005},
	organization={IEEE}
}

@article{viola2004ijcv,
	title={Robust real-time face detection},
	author={Viola, Paul and Jones, Michael J},
	journal=ijcv,
	volume={57},
	number={2},
	pages={137--154},
	year={2004},
	publisher={Springer}
}

@inproceedings{papageorgiou1998iccv,
	title={A general framework for object detection},
	author={Papageorgiou, Constantine P and Oren, Michael and Poggio, Tomaso},
	booktitle=iccv,
	pages={555--562},
	year={1998},
	organization={IEEE}
}

@article{freund1997jcss,
	title={A decision-theoretic generalization of on-line learning and an application to boosting},
	author={Freund, Yoav and Schapire, Robert E},
	journal={Journal of computer and system sciences},
	volume={55},
	number={1},
	pages={119--139},
	year={1997},
	publisher={Elsevier}
}

@inproceedings{dalal2005cvpr,
	title={Histograms of oriented gradients for human detection},
	author={Dalal, Navneet and Triggs, Bill},
	booktitle=cvpr,
	volume={1},
	pages={886--893},
	year={2005},
	organization={IEEE}
}

@article{cortes1995support,
	title={Support-vector networks},
	author={Cortes, Corinna and Vapnik, Vladimir},
	journal={Machine learning},
	volume={20},
	number={3},
	pages={273--297},
	year={1995},
	publisher={Springer}
}

@article{ohlander1978picture,
	title={Picture segmentation using a recursive region splitting method},
	author={Ohlander, Ron and Price, Keith and Reddy, D Raj},
	journal={Computer Graphics and Image Processing},
	volume={8},
	number={3},
	pages={313--333},
	year={1978},
	publisher={Elsevier}
}

@article{brice1970scene,
	title={Scene analysis using regions},
	author={Brice, Claude R and Fennema, Claude L},
	journal={Artificial intelligence},
	volume={1},
	number={3-4},
	pages={205--226},
	year={1970},
	publisher={Elsevier}
}

@article{comaniciu2002pami,
	title={Mean shift: A robust approach toward feature space analysis},
	author={Comaniciu, Dorin and Meer, Peter},
	journal=pami,
	volume={24},
	number={5},
	pages={603--619},
	year={2002},
	publisher={IEEE}
}

@article{shi2000pami,
	title={Normalized cuts and image segmentation},
	author={Shi, Jianbo and Malik, Jitendra},
	journal=pami,
	volume={22},
	number={8},
	pages={888--905},
	year={2000},
	publisher={Ieee}
}

@article{felzenszwalb2004ijcv,
	title={Efficient graph-based image segmentation},
	author={Felzenszwalb, Pedro F and Huttenlocher, Daniel P},
	journal=ijcv,
	volume={59},
	number={2},
	pages={167--181},
	year={2004},
	publisher={Springer}
}

@article{chan2001ip,
	title={Active contours without edges},
	author={Chan, Tony F and Vese, Luminita A},
	journal={IEEE Transactions on image processing},
	volume={10},
	number={2},
	pages={266--277},
	year={2001},
	publisher={IEEE}
}

@article{osher1988jcp,
	title={Fronts propagating with curvature-dependent speed: algorithms based on Hamilton-Jacobi formulations},
	author={Osher, Stanley and Sethian, James A},
	journal={Journal of computational physics},
	volume={79},
	number={1},
	pages={12--49},
	year={1988},
	publisher={Elsevier}
}

@article{garcia2017review,
	title={A review on deep learning techniques applied to semantic segmentation},
	author={Garcia-Garcia, Alberto and Orts-Escolano, Sergio and Oprea, Sergiu and Villena-Martinez, Victor and Garcia-Rodriguez, Jose},
	journal={arXiv preprint arXiv:1704.06857},
	year={2017}
}

@inproceedings{krizhevsky2012nipsjournal,
	title={Imagenet classification with deep convolutional neural networks},
	author={Krizhevsky, Alex and Sutskever, Ilya and Hinton, Geoffrey E},
	booktitle=nipsjournal,
	pages={1097--1105},
	year={2012}
}

@inproceedings{redmon2016cvpr,
	title={You only look once: Unified, real-time object detection},
	author={Redmon, Joseph and Divvala, Santosh and Girshick, Ross and Farhadi, Ali},
	booktitle=cvpr,
	pages={779--788},
	year={2016}
}

@inproceedings{erhan2014cvpr,
	title={Scalable object detection using deep neural networks},
	author={Erhan, Dumitru and Szegedy, Christian and Toshev, Alexander and Anguelov, Dragomir},
	booktitle=cvpr,
	pages={2147--2154},
	year={2014}
}

@inproceedings{liu2016eccv,
	title={Ssd: Single shot multibox detector},
	author={Liu, Wei and Anguelov, Dragomir and Erhan, Dumitru and Szegedy, Christian and Reed, Scott and Fu, Cheng-Yang and Berg, Alexander C},
	booktitle=eccv,
	pages={21--37},
	year={2016},
	organization={Springer}
}

@inproceedings{long2015cvpr,
	title={Fully convolutional networks for semantic segmentation},
	author={Long, Jonathan and Shelhamer, Evan and Darrell, Trevor},
	booktitle=cvpr,
	pages={3431--3440},
	year={2015}
}

@article{simonyan2014very,
	title={Very deep convolutional networks for large-scale image recognition},
	author={Simonyan, Karen and Zisserman, Andrew},
	journal={arXiv preprint arXiv:1409.1556},
	year={2014}
}


@inproceedings{szegedy2015cvpr,
	title={Going deeper with convolutions},
	author={Szegedy, Christian and Liu, Wei and Jia, Yangqing and Sermanet, Pierre and Reed, Scott and Anguelov, Dragomir and Erhan, Dumitru and Vanhoucke, Vincent and Rabinovich, Andrew and others},
	year={2015},
	booktitle=cvpr
}

@article{kostavelis2015semantic,
	title={Semantic mapping for mobile robotics tasks: A survey},
	author={Kostavelis, Ioannis and Gasteratos, Antonios},
	journal={Robotics and Autonomous Systems},
	volume={66},
	pages={86--103},
	year={2015},
	publisher={Elsevier}
}

@article{liu2016extracting,
	title={Extracting semantic information from visual data: A survey},
	author={Liu, Qiang and Li, Ruihao and Hu, Huosheng and Gu, Dongbing},
	journal={Robotics},
	volume={5},
	number={1},
	pages={8},
	year={2016},
	publisher={Multidisciplinary Digital Publishing Institute}
}

@inproceedings{hermans2014dense,
	title={Dense 3d semantic mapping of indoor scenes from rgb-d images},
	author={Hermans, Alexander and Floros, Georgios and Leibe, Bastian},
	booktitle={Robotics and Automation (ICRA), 2014 IEEE International Conference on},
	pages={2631--2638},
	year={2014},
	organization={IEEE}
}

@inproceedings{krahenbuhl2011efficient,
	title={Efficient inference in fully connected crfs with gaussian edge potentials},
	author={Kr{\"a}henb{\"u}hl, Philipp and Koltun, Vladlen},
	booktitle={Advances in neural information processing systems},
	pages={109--117},
	year={2011}
}

@inproceedings{mccormac2017semanticfusion,
	title={SemanticFusion: Dense 3D semantic mapping with convolutional neural networks},
	author={McCormac, John and Handa, Ankur and Davison, Andrew and Leutenegger, Stefan},
	booktitle={Robotics and Automation (ICRA), 2017 IEEE International Conference on},
	pages={4628--4635},
	year={2017},
	organization={IEEE}
}

@inproceedings{noh2015learning,
	title={Learning deconvolution network for semantic segmentation},
	author={Noh, Hyeonwoo and Hong, Seunghoon and Han, Bohyung},
	booktitle={Proceedings of the IEEE International Conference on Computer Vision},
	pages={1520--1528},
	year={2015}
}

